<?xml version="1.0" encoding="UTF-8"?><record xmlns="http://www.loc.gov/MARC21/slim" xmlns:cinclude="http://apache.org/cocoon/include/1.0" xmlns:zs="http://www.loc.gov/zing/srw/">
  <leader>00621cz  a2200157n  4500</leader>
  <controlfield tag="001">n  87862976 </controlfield>
  <controlfield tag="003">DLC</controlfield>
  <controlfield tag="005">20120809082930.0</controlfield>
  <controlfield tag="008">880919nc acannaabn          |a ana |||  </controlfield>
  <datafield tag="010" ind1=" " ind2=" ">
    <subfield code="a">n  87862976 </subfield>
  </datafield>
  <datafield tag="035" ind1=" " ind2=" ">
    <subfield code="a">(OCoLC)oca02362760</subfield>
  </datafield>
  <datafield tag="040" ind1=" " ind2=" ">
    <subfield code="a">DLC</subfield>
    <subfield code="b">eng</subfield>
    <subfield code="c">DLC</subfield>
    <subfield code="d">OCoLC</subfield>
    <subfield code="d">DLC</subfield>
  </datafield>
  <datafield tag="111" ind1="2" ind2=" ">
    <subfield code="a">Hui dang wen ti xue shu tao lun hui</subfield>
  </datafield>
  <datafield tag="411" ind1="2" ind2=" ">
    <subfield code="w">nne</subfield>
    <subfield code="a">Hui tang wen tʻi hsüeh shu tʻao lun hui</subfield>
  </datafield>
  <datafield tag="667" ind1=" " ind2=" ">
    <subfield code="a">THIS 1XX FIELD CANNOT BE USED UNDER RDA UNTIL THIS RECORD HAS BEEN REVIEWED AND/OR UPDATED</subfield>
  </datafield>
  <datafield tag="670" ind1=" " ind2=" ">
    <subfield code="a">Hui tang shih yen chiu, 1987:</subfield>
    <subfield code="b">pref. (Ti i tzʻu Hui tang wen tʻi hsüeh shu tʻao lun hui, held in Oct., 1984 in Shanghai)</subfield>
  </datafield>
</record>